@article{gannot2001signal,
  title={Signal enhancement using beamforming and nonstationarity with applications to speech},
  author={Gannot, Sharon and Burshtein, David and Weinstein, Ehud},
  journal={IEEE Transactions on Signal Processing},
  volume={49},
  number={8},
  pages={1614--1626},
  year={2001},
  publisher={IEEE}
}
@article{cohen2004relative,
  title={Relative transfer function identification using speech signals},
  author={Cohen, Israel},
  journal={IEEE Transactions on Speech and Audio Processing},
  volume={12},
  number={5},
  pages={451--459},
  year={2004},
  publisher={IEEE}
}
@article{talmon2009relative,
  title={Relative transfer function identification using convolutive transfer function approximation},
  author={Talmon, Ronen and Cohen, Israel and Gannot, Sharon},
  journal={IEEE Transactions on audio, speech, and language processing},
  volume={17},
  number={4},
  pages={546--555},
  year={2009},
  publisher={IEEE}
}
@inproceedings{taseska2015relative,
  title={Relative transfer function estimation exploiting instantaneous signals and the signal subspace},
  author={Taseska, Maja and Habets, Emanuel AP},
  booktitle={23rd European Signal Processing Conference (EUSIPCO)},
  pages={404--408},
  year={2015},
  organization={IEEE}
}
@inproceedings{li2015estimation,
  title={Estimation of relative transfer function in the presence of stationary noise based on segmental power spectral density matrix subtraction},
  author={Li, Xiaofei and Girin, Laurent and Horaud, Radu and Gannot, Sharon},
  booktitle={IEEE International Conference onAcoustics, Speech and Signal Processing (ICASSP)},
  pages={320--324},
  year={2015},
  organization={IEEE}
}

@inproceedings{talmon2013relative,
  title={Relative transfer function identification on manifolds for supervised {GSC} beamformers},
  author={Talmon, Ronen and Gannot, Sharon},
  booktitle={Proceedings of the 21st European Signal Processing Conference (EUSIPCO)},
  pages={1--5},
  year={2013},
  organization={IEEE}
}

@article{koldovsky2013semi,
  title={Semi-blind noise extraction using partially known position of the target source},
  author={Koldovsk{\`y}, Zbyn{\v{e}}k and Tichavsk{\`y}, Petr and Nesta, Francesco and others},
  journal={IEEE Transactions on Audio, Speech, and Language Processing},
  volume={21},
  number={10},
  pages={2029--2041},
  year={2013},
  publisher={IEEE}
}


@inproceedings{vincent2013second,
  title={The second ‘{CHiME}’ speech separation and recognition challenge: Datasets, tasks and baselines},
  author={Vincent, Emmanuel and Barker, Jon and Watanabe, Shinji and Le Roux, Jonathan and Nesta, Francesco and Matassoni, Marco},
  booktitle={IEEE International Conference on Acoustics, Speech and Signal Processing (ICASSP) },
  pages={126--130},
  year={2013},
  organization={IEEE}
}

@article{allen1979image,
  title={Image method for efficiently simulating small-room acoustics},
  author={Allen, Jont B and Berkley, David A},
  journal={The Journal of the Acoustical Society of America},
  volume={65},
  number={4},
  pages={943--950},
  year={1979},
  publisher={ASA}
}

@article{samarasinghe2015efficient,
  title={An efficient parameterization of the room transfer function},
  author={Samarasinghe, Prasanga and Abhayapala, Thushara and Poletti, Mark and Betlehem, Terence},
  journal={IEEE/ACM Transactions on Audio, Speech and Language Processing (TASLP)},
  volume={23},
  number={12},
  pages={2217--2227},
  year={2015},
  publisher={IEEE Press}
}

@article{mignot2014low,
  title={Low frequency interpolation of room impulse responses using compressed sensing},
  author={Mignot, Remi and Chardon, Gilles and Daudet, Laurent},
  journal={IEEE/ACM Transactions on Audio, Speech and Language Processing (TASLP)},
  volume={22},
  number={1},
  pages={205--216},
  year={2014},
  publisher={IEEE Press}
}

@article{koldovsky2015spatial,
  title={Spatial source subtraction based on incomplete measurements of relative transfer function},
  author={Koldovsk{\'y}, Zbyn{\v{e}}k and M{\'a}lek, Ji{\v{r}}{\'\i} and Gannot, Sharon},
  journal={IEEE/ACM Transactions on Audio, Speech, and Language Processing},
  volume={23},
  number={8},
  pages={1335--1347},
  year={2015},
  publisher={IEEE}
}

@inproceedings{laufer2013relative,
  title={Relative transfer function modeling for supervised source localization},
  author={Laufer, Bracha and Talmon, Ronen and Gannot, Sharon},
  booktitle={IEEE Workshop on Applications of Signal Processing to Audio and Acoustics (WASPAA)},
  pages={1--4},
  year={2013},
  organization={IEEE}
}

@inproceedings{deleforge20122d,
  title={{2D} sound-source localization on the binaural manifold},
  author={Deleforge, Antoine and Horaud, Radu},
  booktitle={IEEE International Workshop on Machine Learning for Signal Processing (MLSP)},
  pages={1--6},
  year={2012},
  organization={IEEE}
}

@article{deleforge2015acoustic,
  title={Acoustic space learning for sound-source separation and localization on binaural manifolds},
  author={Deleforge, Antoine and Forbes, Florence and Horaud, Radu},
  journal={International Journal of Neural Systems},
  volume={25},
  number={01},
  year={2015},
  publisher={World Scientific}
}

@article{laufer2016mr,
  title={Semi-supervised sound source localization based on manifold regularization},
  author={Laufer, Bracha and Talmon, Ronen and Gannot, Sharon},
  journal={IEEE/ACM Transactions on Audio, Speech and Language Processing (TASLP)},
  volume={24},
  number={8},
  pages={1393--1407},
  year={2016},
  publisher={IEEE Press}
}

@article{rtfinv2017,
  title={Relative transfer function inverse regression from low dimensional manifold},
  author={Wang, Ziteng and Vincent, Emmanuel and Yan, Yonghong},
  journal={arXiv preprint},
  year={2017}
}

@inproceedings{Yang2016Revisiting,
  title={Revisiting semi-supervised learning with graph embeddings},
  author={Yang, Zhilin and Cohen, William W. and Salakhutdinov, Ruslan},
  booktitle={International Conference on Machine Learning},
  pages={40-48},
  year={2016},
}

@article{kingma2014adam,
  title={Adam: A method for stochastic optimization},
  author={Kingma, Diederik and Ba, Jimmy},
  journal={arXiv preprint arXiv:1412.6980},
  year={2014}
}

@article{ba2016layer,
  title={Layer normalization},
  author={Ba, Jimmy Lei and Kiros, Jamie Ryan and Hinton, Geoffrey E},
  journal={arXiv preprint arXiv:1607.06450},
  year={2016}
}

@inproceedings{th2017acoustic,
  title={Acoustic classification using semi-supervised Deep Neural Networks and stochastic entropy-regularization over nearest-neighbor graphs},
  author={Thulasidasan, Sunil and Bilmes, Jeffrey},
  booktitle={IEEE International Conference on Acoustics, Speech and Signal Processing (ICASSP)},
  pages={2731--2735},
  year={2017},
  organization={IEEE}
}

@article{rirge,
  title={Room impulse response (RIR) generator},
  author={Habets, Emanuel AP},
  journal={Available online: https://www.audiolabs-erlangen.de/fau/professor/habets/software/rir-generator},
  year={2014}
}
